

@ARTICLE{Faria2019,
       author = {{Faria}, J.~P. and {Adibekyan}, V. and {Amazo-G{'o}mez}, E.~M. and
         {Barros}, S.~C.~C. and {Camacho}, J.~D. and {Demangeon}, O. and
         {Figueira}, P. and {Mortier}, A. and {Oshagh}, M. and {Pepe}, F. and
         {Santos}, N.~C. and {Gomes da Silva}, J. and {Costa Silva}, A.~R. and
         {Sousa}, S.~G. and {Ulmer-Moll}, S. and {Viana}, P.~T.~P.},
        title = "{Decoding the radial velocity variations of HD41248 with ESPRESSO}",
      journal = {in press},
     keywords = {Astrophysics - Earth and Planetary Astrophysics, Astrophysics - Solar and Stellar Astrophysics},
         year = "2019",
        month = "Nov",
       adsurl = {https://ui.adsabs.harvard.edu/abs/2019arXiv191111714F},
      adsnote = {Provided by the SAO/NASA Astrophysics Data System}
}


######################################################################
######################################################################

@ARTICLE{Faria2018,
       author = {{Faria}, J.~P. and {Santos}, N.~C. and {Figueira}, P. and
         {Brewer}, B.~J.},
        title = "{kima: Exoplanet detection in radial velocities}",
      journal = {JOSS},
     keywords = {Astrophysics - Instrumentation and Methods for Astrophysics, Astrophysics - Earth and Planetary Astrophysics},
         year = "2018",
        month = "Jun",
       volume = {3},
       number = {26},
        pages = {487},
          doi = {10.21105/joss.00487},
archivePrefix = {arXiv},
       eprint = {1806.08305},
 primaryClass = {astro-ph.IM},
       adsurl = {https://ui.adsabs.harvard.edu/abs/Faria2018},
      adsnote = {Provided by the SAO/NASA Astrophysics Data System}
}

@ARTICLE{Faria2016,
       author = {{Faria}, J.~P. and {Santos}, N.~C. and {Figueira}, P. and {Mortier}, A. and
         {Dumusque}, X. and {Boisse}, I. and {Lo Curto}, G. and {Lovis}, C. and
         {Mayor}, M. and {Melo}, C. and {Pepe}, F. and {Queloz}, D. and
         {Santerne}, A. and {S{\'e}gransan}, D. and {Sousa}, S.~G. and
         {Sozzetti}, A. and {Udry}, S.},
        title = "{The HARPS search for southern extra-solar planets. XL. Searching for Neptunes around metal-poor stars}",
      journal = {\aap},
     keywords = {methods: data analysis, planetary systems, surveys, stars: individual: HD 87838, techniques: radial velocities, Astrophysics - Earth and Planetary Astrophysics},
         year = "2016",
        month = "May",
       volume = {589},
          eid = {A25},
        pages = {A25},
          doi = {10.1051/0004-6361/201527522},
archivePrefix = {arXiv},
       eprint = {1601.07535},
 primaryClass = {astro-ph.EP},
       adsurl = {https://ui.adsabs.harvard.edu/abs/Faria2016},
      adsnote = {Provided by the SAO/NASA Astrophysics Data System}
}

@ARTICLE{Faria2016a,
       author = {{Faria}, J.~P. and {Haywood}, R.~D. and {Brewer}, B.~J. and
         {Figueira}, P. and {Oshagh}, M. and {Santerne}, A. and {Santos}, N.~C.},
        title = "{Uncovering the planets and stellar activity of CoRoT-7 using only radial velocities}",
      journal = {\aap},
     keywords = {methods: data analysis, planetary systems, stars: individual: CoRoT-7, techniques: radial velocities, Astrophysics - Earth and Planetary Astrophysics},
         year = "2016",
        month = "Apr",
       volume = {588},
          eid = {A31},
        pages = {A31},
          doi = {10.1051/0004-6361/201527899},
archivePrefix = {arXiv},
       eprint = {1601.07495},
 primaryClass = {astro-ph.EP},
       adsurl = {https://ui.adsabs.harvard.edu/abs/Faria2016a},
      adsnote = {Provided by the SAO/NASA Astrophysics Data System}
}

@ARTICLE{Faria2012,
       author = {{Faria}, J.~P. and {Monteiro}, M.~J.~P.~F.~G.},
        title = "{On the possibility of using seismic probes to study the core composition in pulsating white dwarfs}",
      journal = {Astronomische Nachrichten},
     keywords = {stars: interiors, stars: oscillations, white dwarfs, Astrophysics - Solar and Stellar Astrophysics},
         year = "2012",
        month = "Dec",
       volume = {333},
       number = {10},
        pages = {954},
          doi = {10.1002/asna.201211830},
archivePrefix = {arXiv},
       eprint = {1211.6000},
 primaryClass = {astro-ph.SR},
       adsurl = {https://ui.adsabs.harvard.edu/abs/Faria2012},
      adsnote = {Provided by the SAO/NASA Astrophysics Data System}
}

######################################################################
######################################################################

@ARTICLE{Nelson2020,
       author = {{Nelson}, Benjamin E. and {Ford}, Eric B. and {Buchner}, Johannes and
         {Cloutier}, Ryan and {D{\'\i}az}, Rodrigo F. and {Faria}, Jo{\~a}o P. and
         {Hara}, Nathan C. and {Rajpaul}, Vinesh M. and {Rukdee}, Surangkhana},
        title = "{Quantifying the Bayesian Evidence for a Planet in Radial Velocity Data}",
      journal = {\aj},
         year = "2020",
        month = "Feb",
       volume = {159},
       number = {2},
          eid = {73},
        pages = {73},
          doi = {10.3847/1538-3881/ab5190},
       adsurl = {https://ui.adsabs.harvard.edu/abs/Nelson2020},
      adsnote = {Provided by the SAO/NASA Astrophysics Data System}
}

@ARTICLE{Barros2020,
       author = {{Barros}, S.~C.~C. and {Demangeon}, O. and {D{\'\i}az}, R.~F. and
         {Cabrera}, J. and {Santos}, N.~C. and {Faria}, J.~P. and {Pereira}, F.},
        title = "{Improving transit characterisation with Gaussian process modelling of stellar variability}",
      journal = {\aap},
     keywords = {planets and satellites: fundamental parameters, planets and satellites: composition, methods: data analysis, techniques: photometric, stars: activity, Astrophysics - Earth and Planetary Astrophysics, Astrophysics - Instrumentation and Methods for Astrophysics, Astrophysics - Solar and Stellar Astrophysics},
         year = "2020",
        month = "Feb",
       volume = {634},
          eid = {A75},
        pages = {A75},
          doi = {10.1051/0004-6361/201936086},
archivePrefix = {arXiv},
       eprint = {2001.07975},
 primaryClass = {astro-ph.EP},
       adsurl = {https://ui.adsabs.harvard.edu/abs/Barros2020},
      adsnote = {Provided by the SAO/NASA Astrophysics Data System}
}

@ARTICLE{Pereira2019,
       author = {{Pereira}, Filipe and {Campante}, Tiago L. and {Cunha}, Margarida S. and
         {Faria}, Jo{\~a}o P. and {Santos}, Nuno C. and {Barros}, Susana C.~C. and
         {Demangeon}, Olivier and {Kuszlewicz}, James S. and {Corsaro}, Enrico},
        title = "{Gaussian process modelling of granulation and oscillations in red giant stars}",
      journal = {\mnras},
     keywords = {asteroseismology, methods: data analysis, techniques: photometric, planets and satellites: fundamental parameters, stars: oscillations, Astrophysics - Solar and Stellar Astrophysics, Astrophysics - Earth and Planetary Astrophysics},
         year = "2019",
        month = "Nov",
       volume = {489},
       number = {4},
        pages = {5764-5774},
          doi = {10.1093/mnras/stz2405},
archivePrefix = {arXiv},
       eprint = {1908.10662},
 primaryClass = {astro-ph.SR},
       adsurl = {https://ui.adsabs.harvard.edu/abs/Pereira2019},
      adsnote = {Provided by the SAO/NASA Astrophysics Data System}
}

@ARTICLE{Lopez2019,
       author = {{Lopez}, T.~A. and {Barros}, S.~C.~C. and {Santerne}, A. and
         {Deleuil}, M. and {Adibekyan}, V. and {Almenara}, J. -M. and
         {Armstrong}, D.~J. and {Brugger}, B. and {Barrado}, D. and
         {Bayliss}, D. and {Boisse}, I. and {Bonomo}, A.~S. and {Bouchy}, F. and
         {Brown}, D.~J.~A. and {Carli}, E. and {Demangeon}, O. and
         {Dumusque}, X. and {D{\'\i}az}, R.~F. and {Faria}, J.~P. and
         {Figueira}, P. and {Foxell}, E. and {Giles}, H. and {H{\'e}brard}, G. and
         {Hojjatpanah}, S. and {Kirk}, J. and {Lillo-Box}, J. and {Lovis}, C. and
         {Mousis}, O. and {da N{\'o}brega}, H.~J. and {Nielsen}, L.~D. and
         {Neal}, J.~J. and {Osborn}, H.~P. and {Pepe}, F. and {Pollacco}, D. and
         {Santos}, N.~C. and {Sousa}, S.~G. and {Udry}, S. and {Vigan}, A. and
         {Wheatley}, P.~J.},
        title = "{Exoplanet characterisation in the longest known resonant chain: the K2-138 system seen by HARPS}",
      journal = {\aap},
     keywords = {planets and satellites: detection, planets and satellites: fundamental parameters, stars: individual: K2-138, techniques: radial velocities, techniques: photometric, Astrophysics - Earth and Planetary Astrophysics},
         year = "2019",
        month = "Nov",
       volume = {631},
          eid = {A90},
        pages = {A90},
          doi = {10.1051/0004-6361/201936267},
archivePrefix = {arXiv},
       eprint = {1909.13527},
 primaryClass = {astro-ph.EP},
       adsurl = {https://ui.adsabs.harvard.edu/abs/Lopez2019},
      adsnote = {Provided by the SAO/NASA Astrophysics Data System}
}

@ARTICLE{Ulmer-Moll2019,
       author = {{Ulmer-Moll}, S. and {Santos}, N.~C. and {Figueira}, P. and
         {Brinchmann}, J. and {Faria}, J.~P.},
        title = "{Beyond the exoplanet mass-radius relation}",
      journal = {\aap},
     keywords = {planetary systems, planets and satellites: fundamental parameters, methods: data analysis, Astrophysics - Earth and Planetary Astrophysics, Astrophysics - Instrumentation and Methods for Astrophysics},
         year = "2019",
        month = "Oct",
       volume = {630},
          eid = {A135},
        pages = {A135},
          doi = {10.1051/0004-6361/201936049},
archivePrefix = {arXiv},
       eprint = {1909.07392},
 primaryClass = {astro-ph.EP},
       adsurl = {https://ui.adsabs.harvard.edu/abs/Ulmer-Moll2019},
      adsnote = {Provided by the SAO/NASA Astrophysics Data System}
}

@ARTICLE{Sousa2019,
       author = {{Sousa}, S{\'e}rgio G. and {Adibekyan}, Vardan and {Santos}, Nuno C. and
         {Mortier}, Annelies and {Barros}, Susana C.~C. and
         {Delgado-Mena}, Elisa and {Demangeon}, Olivier and {Israelian}, Garik and
         {Faria}, Jo{\~a}o P. and {Figueira}, Pedro and {Rojas-Ayala}, Barbara and
         {Tsantaki}, Maria and {Andreasen}, Daniel T. and {Brand{\~a}o}, Isa and
         {Ferreira}, Andressa C.~S. and {Montalto}, Marco and {Santerne}, Alexand
        re},
        title = "{The metallicity-period-mass diagram of low-mass exoplanets}",
      journal = {\mnras},
     keywords = {planetary systems, planets and satellites: dynamical evolution and stability, planets and satellites: formation, Astrophysics - Earth and Planetary Astrophysics},
         year = "2019",
        month = "May",
       volume = {485},
       number = {3},
        pages = {3981-3990},
          doi = {10.1093/mnras/stz664},
archivePrefix = {arXiv},
       eprint = {1903.04937},
 primaryClass = {astro-ph.EP},
       adsurl = {https://ui.adsabs.harvard.edu/abs/Sousa2019},
      adsnote = {Provided by the SAO/NASA Astrophysics Data System}
}

@ARTICLE{Barbato2019,
       author = {{Barbato}, D. and {Sozzetti}, A. and {Biazzo}, K. and {Malavolta}, L. and
         {Santos}, N.~C. and {Damasso}, M. and {Lanza}, A.~F. and
         {Pinamonti}, M. and {Affer}, L. and {Benatti}, S. and {Bignamini}, A. and
         {Bonomo}, A.~S. and {Borsa}, F. and {Carleo}, I. and {Claudi}, R. and
         {Cosentino}, R. and {Covino}, E. and {Desidera}, S. and {Esposito}, M. and
         {Giacobbe}, P. and {Gonz{\'a}lez-{\'A}lvarez}, E. and {Gratton}, R. and
         {Harutyunyan}, A. and {Leto}, G. and {Maggio}, A. and {Maldonado}, J. and
         {Mancini}, L. and {Masiero}, S. and {Micela}, G. and {Molinari}, E. and
         {Nascimbeni}, V. and {Pagano}, I. and {Piotto}, G. and {Poretti}, E. and
         {Rainer}, M. and {Scandariato}, G. and {Smareglia}, R. and
         {Colombo}, L.~S. and {Di Fabrizio}, L. and {Faria}, J.~P. and
         {Martinez Fiorenzano}, A. and {Molinaro}, M. and {Pedani}, M.},
        title = "{The GAPS Programme with HARPS-N at TNG. XVIII. Two new giant planets around the metal-poor stars HD 220197 and HD 233832}",
      journal = {\aap},
     keywords = {techniques: radial velocities, methods: data analysis, planetary systems, stars: abundances, stars: individual: HD 220197, stars: individual: HD 233832, Astrophysics - Earth and Planetary Astrophysics},
         year = "2019",
        month = "Jan",
       volume = {621},
          eid = {A110},
        pages = {A110},
          doi = {10.1051/0004-6361/201834305},
archivePrefix = {arXiv},
       eprint = {1811.07776},
 primaryClass = {astro-ph.EP},
       adsurl = {https://ui.adsabs.harvard.edu/abs/Barbato2019},
      adsnote = {Provided by the SAO/NASA Astrophysics Data System}
}

@ARTICLE{GomesdaSilva2018,
       author = {{Gomes da Silva}, Jo{\~a}o and {Figueira}, Pedro and {Santos}, Nuno and
         {Faria}, Jo{\~a}o},
        title = "{ACTIN: A tool to calculate stellar activity indices}",
      journal = {JOSS},
     keywords = {Astrophysics - Instrumentation and Methods for Astrophysics, Astrophysics - Solar and Stellar Astrophysics},
         year = "2018",
        month = "Nov",
       volume = {3},
       number = {31},
        pages = {667},
          doi = {10.21105/joss.00667},
archivePrefix = {arXiv},
       eprint = {1811.11172},
 primaryClass = {astro-ph.IM},
       adsurl = {https://ui.adsabs.harvard.edu/abs/GomesdaSilva2018},
      adsnote = {Provided by the SAO/NASA Astrophysics Data System}
}

@ARTICLE{Sousa2018,
       author = {{Sousa}, S.~G. and {Adibekyan}, V. and {Delgado-Mena}, E. and
         {Santos}, N.~C. and {Andreasen}, D.~T. and {Ferreira}, A.~C.~S. and
         {Tsantaki}, M. and {Barros}, S.~C.~C. and {Demangeon}, O. and
         {Israelian}, G. and {Faria}, J.~P. and {Figueira}, P. and
         {Mortier}, A. and {Brand{\~a}o}, I. and {Montalto}, M. and
         {Rojas-Ayala}, B. and {Santerne}, A.},
        title = "{SWEET-Cat updated. New homogenous spectroscopic parameters}",
      journal = {\aap},
     keywords = {planets and satellites: formation, planets and satellites: fundamental parameters, stars: abundances, stars: fundamental parameters, Astrophysics - Earth and Planetary Astrophysics, Astrophysics - Solar and Stellar Astrophysics},
         year = "2018",
        month = "Nov",
       volume = {620},
          eid = {A58},
        pages = {A58},
          doi = {10.1051/0004-6361/201833350},
archivePrefix = {arXiv},
       eprint = {1810.08108},
 primaryClass = {astro-ph.EP},
       adsurl = {https://ui.adsabs.harvard.edu/abs/Sousa2018},
      adsnote = {Provided by the SAO/NASA Astrophysics Data System}
}

@ARTICLE{Oshagh2018,
       author = {{Oshagh}, M. and {Triaud}, A.~H.~M.~J. and {Burdanov}, A. and
         {Figueira}, P. and {Reiners}, A. and {Santos}, N.~C. and {Faria}, J. and
         {Boue}, G. and {D{\'\i}az}, R.~F. and {Dreizler}, S. and {Boldt}, S. and
         {Delrez}, L. and {Ducrot}, E. and {Gillon}, M. and {Guzman Mesa}, A. and
         {Jehin}, E. and {Khalafinejad}, S. and {Kohl}, S. and {Serrano}, L. and
         {Udry}, S.},
        title = "{Activity induced variation in spin-orbit angles as derived from Rossiter-McLaughlin measurements}",
      journal = {\aap},
     keywords = {planets and satellites: fundamental parameters, planets and satellites: detection, stars: activity, starspots, techniques: radial velocities, techniques: photometric, Astrophysics - Earth and Planetary Astrophysics, Astrophysics - Solar and Stellar Astrophysics},
         year = "2018",
        month = "Nov",
       volume = {619},
          eid = {A150},
        pages = {A150},
          doi = {10.1051/0004-6361/201833709},
archivePrefix = {arXiv},
       eprint = {1809.01027},
 primaryClass = {astro-ph.EP},
       adsurl = {https://ui.adsabs.harvard.edu/abs/Oshagh2018},
      adsnote = {Provided by the SAO/NASA Astrophysics Data System}
}

@ARTICLE{DelgadoMena2018,
       author = {{Delgado Mena}, E. and {Lovis}, C. and {Santos}, N.~C. and
         {Gomes da Silva}, J. and {Mortier}, A. and {Tsantaki}, M. and
         {Sousa}, S.~G. and {Figueira}, P. and {Cunha}, M.~S. and
         {Campante}, T.~L. and {Adibekyan}, V. and {Faria}, J.~P. and
         {Montalto}, M.},
        title = "{Planets around evolved intermediate-mass stars. II. Are there really planets around IC 4651 No. 9122, NGC 2423 No. 3, and NGC 4349 No. 127?}",
      journal = {\aap},
     keywords = {stars: individual: IC 4651 No. 9122, stars: individual: NGC 2423 No. 3, stars: individual: NGC 4349 No. 127, planetary systems, planets and satellites: detection, open clusters and associations: general, Astrophysics - Earth and Planetary Astrophysics, Astrophysics - Solar and Stellar Astrophysics},
         year = "2018",
        month = "Nov",
       volume = {619},
          eid = {A2},
        pages = {A2},
          doi = {10.1051/0004-6361/201833152},
archivePrefix = {arXiv},
       eprint = {1807.09608},
 primaryClass = {astro-ph.EP},
       adsurl = {https://ui.adsabs.harvard.edu/abs/DelgadoMena2018},
      adsnote = {Provided by the SAO/NASA Astrophysics Data System}
}

@ARTICLE{Lillo-Box2018,
       author = {{Lillo-Box}, J. and {Leleu}, A. and {Parviainen}, H. and {Figueira}, P. and
         {Mallonn}, M. and {Correia}, A.~C.~M. and {Santos}, N.~C. and
         {Robutel}, P. and {Lendl}, M. and {Boffin}, H.~M.~J. and
         {Faria}, J.~P. and {Barrado}, D. and {Neal}, J.},
        title = "{The TROY project. II. Multi-technique constraints on exotrojans in nine planetary systems}",
      journal = {\aap},
     keywords = {planets and satellites: gaseous planets, planets and satellites: fundamental parameters, minor planets, asteroids: general, techniques: radial velocities, techniques: photometric, Astrophysics - Earth and Planetary Astrophysics},
         year = "2018",
        month = "Oct",
       volume = {618},
          eid = {A42},
        pages = {A42},
          doi = {10.1051/0004-6361/201833312},
archivePrefix = {arXiv},
       eprint = {1807.00773},
 primaryClass = {astro-ph.EP},
       adsurl = {https://ui.adsabs.harvard.edu/abs/Lillo-Box2018},
      adsnote = {Provided by the SAO/NASA Astrophysics Data System}
}

@ARTICLE{DelgadoMena2018a,
       author = {{Delgado Mena}, E. and {Adibekyan}, V. Zh. and {Figueira}, P. and
         {Gonz{\'a}lez Hern{\'a}ndez}, J.~I. and {Santos}, N.~C. and
         {Tsantaki}, M. and {Sousa}, S.~G. and {Faria}, J.~P. and
         {Su{\'a}rez-Andr{\'e}s}, L. and {Israelian}, G.},
        title = "{Chemical Abundances of Neutron-capture Elements in Exoplanet-hosting Stars}",
      journal = {\pasp},
     keywords = {Astrophysics - Earth and Planetary Astrophysics, Astrophysics - Solar and Stellar Astrophysics},
         year = "2018",
        month = "Sep",
       volume = {130},
       number = {991},
        pages = {094202},
          doi = {10.1088/1538-3873/aacc1f},
archivePrefix = {arXiv},
       eprint = {1806.06483},
 primaryClass = {astro-ph.EP},
       adsurl = {https://ui.adsabs.harvard.edu/abs/DelgadoMena2018a},
      adsnote = {Provided by the SAO/NASA Astrophysics Data System}
}

@ARTICLE{Martins2018,
       author = {{Martins}, J.~H.~C. and {Figueira}, P. and {Santos}, N.~C. and
         {Melo}, C. and {Mu{\~n}oz}, A. Garcia and {Faria}, J. and {Pepe}, F. and
         {Lovis}, C.},
        title = "{Recovering the colour-dependent albedo of exoplanets with high-resolution spectroscopy: from ESPRESSO to the ELT}",
      journal = {\mnras},
     keywords = {Planetary systems, Planets and satellites: atmospheres, techniques: radial velocities, techniques: spectroscopic, Astrophysics - Earth and Planetary Astrophysics},
         year = "2018",
        month = "Aug",
       volume = {478},
       number = {4},
        pages = {5240-5262},
          doi = {10.1093/mnras/sty1355},
archivePrefix = {arXiv},
       eprint = {1805.08021},
 primaryClass = {astro-ph.EP},
       adsurl = {https://ui.adsabs.harvard.edu/abs/Martins2018},
      adsnote = {Provided by the SAO/NASA Astrophysics Data System}
}

@ARTICLE{Santerne2018,
       author = {{Santerne}, A. and {Brugger}, B. and {Armstrong}, D.~J. and
         {Adibekyan}, V. and {Lillo-Box}, J. and {Gosselin}, H. and
         {Aguichine}, A. and {Almenara}, J. -M. and {Barrado}, D. and
         {Barros}, S.~C.~C. and {Bayliss}, D. and {Boisse}, I. and
         {Bonomo}, A.~S. and {Bouchy}, F. and {Brown}, D.~J.~A. and
         {Deleuil}, M. and {Delgado Mena}, E. and {Demangeon}, O. and
         {D{\'\i}az}, R.~F. and {Doyle}, A. and {Dumusque}, X. and {Faedi}, F. and
         {Faria}, J.~P. and {Figueira}, P. and {Foxell}, E. and {Giles}, H. and
         {H{\'e}brard}, G. and {Hojjatpanah}, S. and {Hobson}, M. and
         {Jackman}, J. and {King}, G. and {Kirk}, J. and {Lam}, K.~W.~F. and
         {Ligi}, R. and {Lovis}, C. and {Louden}, T. and {McCormac}, J. and
         {Mousis}, O. and {Neal}, J.~J. and {Osborn}, H.~P. and {Pepe}, F. and
         {Pollacco}, D. and {Santos}, N.~C. and {Sousa}, S.~G. and {Udry}, S. and
         {Vigan}, A.},
        title = "{An Earth-sized exoplanet with a Mercury-like composition}",
      journal = {Nature Astronomy},
     keywords = {Astrophysics - Earth and Planetary Astrophysics},
         year = "2018",
        month = "Mar",
       volume = {2},
        pages = {393-400},
          doi = {10.1038/s41550-018-0420-5},
archivePrefix = {arXiv},
       eprint = {1805.08405},
 primaryClass = {astro-ph.EP},
       adsurl = {https://ui.adsabs.harvard.edu/abs/Santerne2018},
      adsnote = {Provided by the SAO/NASA Astrophysics Data System}
}

@ARTICLE{Serrano2018,
       author = {{Serrano}, L.~M. and {Barros}, S.~C.~C. and {Oshagh}, M. and
         {Santos}, N.~C. and {Faria}, J.~P. and {Demangeon}, O. and
         {Sousa}, S.~G. and {Lendl}, M.},
        title = "{Distinguishing the albedo of exoplanets from stellar activity}",
      journal = {\aap},
     keywords = {techniques: photometric, stars: activity, stars: rotation, starspots, planetary systems, planets and satellites: atmospheres, Astrophysics - Earth and Planetary Astrophysics},
         year = "2018",
        month = "Mar",
       volume = {611},
          eid = {A8},
        pages = {A8},
          doi = {10.1051/0004-6361/201731206},
archivePrefix = {arXiv},
       eprint = {1712.01805},
 primaryClass = {astro-ph.EP},
       adsurl = {https://ui.adsabs.harvard.edu/abs/Serrano2018},
      adsnote = {Provided by the SAO/NASA Astrophysics Data System}
}

@ARTICLE{Mena2018,
       author = {{Mena}, E.~D. and {Adibekyan}, V.~Z. and {Figueira}, P. and {Hernand
        ez}, J.~I.~G. and {Santos}, N.~C. and {Tsantaki}, M. and {Sousa}, S.~G. and
         {Faria}, J.~P. and {Suarez-Andres}, L. and {Israelian}, G.},
        title = "{Chemical abundances of neutron-capture elements in exoplanet-hosting stars.}",
      journal = {\pasp},
         year = "2018",
        month = "Jan",
       volume = {130},
       number = {9},
        pages = {9.4202},
       adsurl = {https://ui.adsabs.harvard.edu/abs/Mena2018},
      adsnote = {Provided by the SAO/NASA Astrophysics Data System}
}

@INPROCEEDINGS{Barros2018,
       author = {{Barros}, Susana and {Faria}, Jo{\~a}o P.},
        title = "{Tutorial: Detecting Planetary Transits and Radial-Velocity Signals}",
     keywords = {Physics},
    booktitle = {Asteroseismology and Exoplanets: Listening to the Stars and Searching for New Worlds},
         year = "2018",
       editor = {{Campante}, Tiago L. and {Santos}, Nuno C. and
         {Monteiro}, M{\'a}rio J.~P.~F.~G.},
       volume = {49},
        month = "Jan",
        pages = {267},
          doi = {10.1007/978-3-319-59315-9_15},
       adsurl = {https://ui.adsabs.harvard.edu/abs/Barros2018},
      adsnote = {Provided by the SAO/NASA Astrophysics Data System}
}

@INPROCEEDINGS{Santos2018,
       author = {{Santos}, Nuno C. and {Faria}, Jo{\~a}o P.},
        title = "{Exoplanetary Science: An Overview}",
     keywords = {Physics},
    booktitle = {Asteroseismology and Exoplanets: Listening to the Stars and Searching for New Worlds},
         year = "2018",
       editor = {{Campante}, Tiago L. and {Santos}, Nuno C. and
         {Monteiro}, M{\'a}rio J.~P.~F.~G.},
       volume = {49},
        month = "Jan",
        pages = {165},
          doi = {10.1007/978-3-319-59315-9_9},
       adsurl = {https://ui.adsabs.harvard.edu/abs/Santos2018},
      adsnote = {Provided by the SAO/NASA Astrophysics Data System}
}

@ARTICLE{Lillo-Box2018a,
       author = {{Lillo-Box}, J. and {Barrado}, D. and {Figueira}, P. and {Leleu}, A. and
         {Santos}, N.~C. and {Correia}, A.~C.~M. and {Robutel}, P. and
         {Faria}, J.~P.},
        title = "{The TROY project: Searching for co-orbital bodies to known planets. I. Project goals and first results from archival radial velocity}",
      journal = {\aap},
     keywords = {planets and satellites: gaseous planets, planets and satellites: formation, minor planets, asteroids: general, techniques: radial velocities, Astrophysics - Earth and Planetary Astrophysics},
         year = "2018",
        month = "Jan",
       volume = {609},
          eid = {A96},
        pages = {A96},
          doi = {10.1051/0004-6361/201730652},
archivePrefix = {arXiv},
       eprint = {1710.01138},
 primaryClass = {astro-ph.EP},
       adsurl = {https://ui.adsabs.harvard.edu/abs/Lillo-Box2018a},
      adsnote = {Provided by the SAO/NASA Astrophysics Data System}
}

@ARTICLE{Santos2017,
       author = {{Santos}, N.~C. and {Adibekyan}, V. and {Dorn}, C. and {Mordasini}, C. and
         {Noack}, L. and {Barros}, S.~C.~C. and {Delgado-Mena}, E. and
         {Demangeon}, O. and {Faria}, J.~P. and {Israelian}, G. and
         {Sousa}, S.~G.},
        title = "{Constraining planet structure and composition from stellar chemistry: trends in different stellar populations}",
      journal = {\aap},
     keywords = {stars: abundances, planetary systems, planets and satellites: composition, techniques: spectroscopic, Astrophysics - Earth and Planetary Astrophysics},
         year = "2017",
        month = "Dec",
       volume = {608},
          eid = {A94},
        pages = {A94},
          doi = {10.1051/0004-6361/201731359},
archivePrefix = {arXiv},
       eprint = {1711.00777},
 primaryClass = {astro-ph.EP},
       adsurl = {https://ui.adsabs.harvard.edu/abs/Santos2017},
      adsnote = {Provided by the SAO/NASA Astrophysics Data System}
}

@ARTICLE{Barros2017,
       author = {{Barros}, S.~C.~C. and {Gosselin}, H. and {Lillo-Box}, J. and
         {Bayliss}, D. and {Delgado Mena}, E. and {Brugger}, B. and
         {Santerne}, A. and {Armstrong}, D.~J. and {Adibekyan}, V. and
         {Armstrong}, J.~D. and {Barrado}, D. and {Bento}, J. and {Boisse}, I. and
         {Bonomo}, A.~S. and {Bouchy}, F. and {Brown}, D.~J.~A. and
         {Cochran}, W.~D. and {Collier Cameron}, A. and {Deleuil}, M. and
         {Demangeon}, O. and {D{\'\i}az}, R.~F. and {Doyle}, A. and
         {Dumusque}, X. and {Ehrenreich}, D. and {Espinoza}, N. and {Faedi}, F. and
         {Faria}, J.~P. and {Figueira}, P. and {Foxell}, E. and
         {H{\'e}brard}, G. and {Hojjatpanah}, S. and {Jackman}, J. and
         {Lendl}, M. and {Ligi}, R. and {Lovis}, C. and {Melo}, C. and
         {Mousis}, O. and {Neal}, J.~J. and {Osborn}, H.~P. and {Pollacco}, D. and
         {Santos}, N.~C. and {Sefako}, R. and {Shporer}, A. and {Sousa}, S.~G. and
         {Triaud}, A.~H.~M.~J. and {Udry}, S. and {Vigan}, A. and
         {Wyttenbach}, A.},
        title = "{Precise masses for the transiting planetary system HD 106315 with HARPS}",
      journal = {\aap},
     keywords = {planets and satellites: detection, planets and satellites: fundamental parameters, planets and satellites: composition, stars: individual: HD 106315, techniques: radial velocities, techniques: photometric, Astrophysics - Earth and Planetary Astrophysics},
         year = "2017",
        month = "Dec",
       volume = {608},
          eid = {A25},
        pages = {A25},
          doi = {10.1051/0004-6361/201731276},
archivePrefix = {arXiv},
       eprint = {1709.00865},
 primaryClass = {astro-ph.EP},
       adsurl = {https://ui.adsabs.harvard.edu/abs/Barros2017},
      adsnote = {Provided by the SAO/NASA Astrophysics Data System}
}

@ARTICLE{Oshagh2017,
       author = {{Oshagh}, M. and {Santos}, N.~C. and {Figueira}, P. and
         {Barros}, S.~C.~C. and {Donati}, J. -F. and {Adibekyan}, V. and
         {Faria}, J.~P. and {Watson}, C.~A. and {Cegla}, H.~M. and
         {Dumusque}, X. and {H{\'e}brard}, E. and {Demangeon}, O. and
         {Dreizler}, S. and {Boisse}, I. and {Deleuil}, M. and {Bonfils}, X. and
         {Pepe}, F. and {Udry}, S.},
        title = "{Understanding stellar activity-induced radial velocity jitter using simultaneous K2 photometry and HARPS RV measurements}",
      journal = {\aap},
     keywords = {methods: data analysis, stars: activity, techniques: radial velocities, techniques: photometric, methods: numerical, Astrophysics - Earth and Planetary Astrophysics, Astrophysics - Solar and Stellar Astrophysics},
         year = "2017",
        month = "Oct",
       volume = {606},
          eid = {A107},
        pages = {A107},
          doi = {10.1051/0004-6361/201731139},
archivePrefix = {arXiv},
       eprint = {1707.01827},
 primaryClass = {astro-ph.EP},
       adsurl = {https://ui.adsabs.harvard.edu/abs/Oshagh2017},
      adsnote = {Provided by the SAO/NASA Astrophysics Data System}
}

@ARTICLE{Santos2017a,
       author = {{Santos}, N.~C. and {Adibekyan}, V. and {Figueira}, P. and
         {Andreasen}, D.~T. and {Barros}, S.~C.~C. and {Delgado-Mena}, E. and
         {Demangeon}, O. and {Faria}, J.~P. and {Oshagh}, M. and {Sousa}, S.~G. and
         {Viana}, P.~T.~P. and {Ferreira}, A.~C.~S.},
        title = "{Observational evidence for two distinct giant planet populations}",
      journal = {\aap},
     keywords = {planets and satellites: formation, planetary systems, techniques: spectroscopic, stars: abundances, methods: statistical, Astrophysics - Earth and Planetary Astrophysics},
         year = "2017",
        month = "Jul",
       volume = {603},
          eid = {A30},
        pages = {A30},
          doi = {10.1051/0004-6361/201730761},
archivePrefix = {arXiv},
       eprint = {1705.06090},
 primaryClass = {astro-ph.EP},
       adsurl = {https://ui.adsabs.harvard.edu/abs/Santos2017a},
      adsnote = {Provided by the SAO/NASA Astrophysics Data System}
}

@ARTICLE{Figueira2016,
       author = {{Figueira}, P. and {Faria}, J.~P. and {Adibekyan}, V. Zh. and
         {Oshagh}, M. and {Santos}, N.~C.},
        title = "{A Pragmatic Bayesian Perspective on Correlation Analysis. The exoplanetary gravity - stellar activity case}",
      journal = {Origins of Life and Evolution of the Biosphere},
     keywords = {Exoplanets, Stellar activity, Statistics, Correlations, Astrophysics - Instrumentation and Methods for Astrophysics, Astrophysics - Earth and Planetary Astrophysics},
         year = "2016",
        month = "Nov",
       volume = {46},
       number = {4},
        pages = {385-393},
          doi = {10.1007/s11084-016-9490-5},
archivePrefix = {arXiv},
       eprint = {1601.05107},
 primaryClass = {astro-ph.IM},
       adsurl = {https://ui.adsabs.harvard.edu/abs/Figueira2016},
      adsnote = {Provided by the SAO/NASA Astrophysics Data System}
}

@ARTICLE{Figueira2016a,
       author = {{Figueira}, P. and {Santerne}, A. and {Su{\'a}rez Mascare{\~n}o}, A. and
         {Gomes da Silva}, J. and {Abe}, L. and {Adibekyan}, V. Zh. and
         {Bendjoya}, P. and {Correia}, A.~C.~M. and {Delgado-Mena}, E. and
         {Faria}, J.~P. and {Hebrard}, G. and {Lovis}, C. and {Oshagh}, M. and
         {Rivet}, J. -P. and {Santos}, N.~C. and {Suarez}, O. and
         {Vidotto}, A.~A.},
        title = "{Is the activity level of HD 80606 influenced by its eccentric planet?}",
      journal = {\aap},
     keywords = {stars: activity, stars: individual: HD 80606, instrumentation: spectrographs, techniques: radial velocities, techniques: spectroscopic, methods: data analysis, Astrophysics - Earth and Planetary Astrophysics, Astrophysics - Solar and Stellar Astrophysics},
         year = "2016",
        month = "Aug",
       volume = {592},
          eid = {A143},
        pages = {A143},
          doi = {10.1051/0004-6361/201628981},
archivePrefix = {arXiv},
       eprint = {1606.05549},
 primaryClass = {astro-ph.EP},
       adsurl = {https://ui.adsabs.harvard.edu/abs/Figueira2016a},
      adsnote = {Provided by the SAO/NASA Astrophysics Data System}
}

@ARTICLE{Adibekyan2016,
       author = {{Adibekyan}, V. and {Delgado-Mena}, E. and {Figueira}, P. and
         {Sousa}, S.~G. and {Santos}, N.~C. and
         {Gonz{\'a}lez Hern{\'a}ndez}, J.~I. and {Minchev}, I. and
         {Faria}, J.~P. and {Israelian}, G. and {Harutyunyan}, G. and
         {Su{\'a}rez-Andr{\'e}s}, L. and {Hakobyan}, A.~A.},
        title = "{Abundance trend with condensation temperature for stars with different Galactic birth places}",
      journal = {\aap},
     keywords = {techniques: spectroscopic, stars: abundances, stars: atmospheres, Galaxy: disk, Galaxy: evolution, Astrophysics - Solar and Stellar Astrophysics},
         year = "2016",
        month = "Aug",
       volume = {592},
          eid = {A87},
        pages = {A87},
          doi = {10.1051/0004-6361/201628883},
archivePrefix = {arXiv},
       eprint = {1606.04714},
 primaryClass = {astro-ph.SR},
       adsurl = {https://ui.adsabs.harvard.edu/abs/Adibekyan2016},
      adsnote = {Provided by the SAO/NASA Astrophysics Data System}
}

@ARTICLE{Santos2016,
       author = {{Santos}, N.~C. and {Santerne}, A. and {Faria}, J.~P. and {Rey}, J. and
         {Correia}, A.~C.~M. and {Laskar}, J. and {Udry}, S. and
         {Adibekyan}, V. and {Bouchy}, F. and {Delgado-Mena}, E. and {Melo}, C. and
         {Dumusque}, X. and {H{\'e}brard}, G. and {Lovis}, C. and {Mayor}, M. and
         {Montalto}, M. and {Mortier}, A. and {Pepe}, F. and {Figueira}, P. and
         {Sahlmann}, J. and {S{\'e}gransan}, D. and {Sousa}, S.~G.},
        title = "{An extreme planetary system around HD 219828. One long-period super Jupiter to a hot-Neptune host star}",
      journal = {\aap},
     keywords = {planetary systems, techniques: spectroscopic, techniques: radial velocities, stars: individual: HD 219828, Astrophysics - Earth and Planetary Astrophysics},
         year = "2016",
        month = "Jul",
       volume = {592},
          eid = {A13},
        pages = {A13},
          doi = {10.1051/0004-6361/201628374},
archivePrefix = {arXiv},
       eprint = {1605.06942},
 primaryClass = {astro-ph.EP},
       adsurl = {https://ui.adsabs.harvard.edu/abs/Santos2016},
      adsnote = {Provided by the SAO/NASA Astrophysics Data System}
}

@ARTICLE{Adibekyan2016a,
       author = {{Adibekyan}, V. and {Delgado-Mena}, E. and {Figueira}, P. and
         {Sousa}, S.~G. and {Santos}, N.~C. and {Faria}, J.~P. and
         {Gonz{\'a}lez Hern{\'a}ndez}, J.~I. and {Israelian}, G. and
         {Harutyunyan}, G. and {Su{\'a}rez-Andr{\'e}s}, L. and {Hakobyan}, A.~A.},
        title = "{{\ensuremath{\zeta}}$^{2}$ Reticuli, its debris disk, and its lonely stellar companion {\ensuremath{\zeta}}$^{1}$ Ret. Different T$_{c}$ trends for different spectra}",
      journal = {\aap},
     keywords = {stars: abundances, planetary systems, stars: individual: Zet1 Ret (HD 20766), techniques: spectroscopic, stars: individual: Zet2 (HD 20807), binaries: general, Astrophysics - Solar and Stellar Astrophysics, Astrophysics - Earth and Planetary Astrophysics},
         year = "2016",
        month = "Jun",
       volume = {591},
          eid = {A34},
        pages = {A34},
          doi = {10.1051/0004-6361/201628453},
archivePrefix = {arXiv},
       eprint = {1605.01918},
 primaryClass = {astro-ph.SR},
       adsurl = {https://ui.adsabs.harvard.edu/abs/Adibekyan2016a},
      adsnote = {Provided by the SAO/NASA Astrophysics Data System}
}

@ARTICLE{Mortier2016,
       author = {{Mortier}, A. and {Faria}, J.~P. and {Santos}, N.~C. and {Rajpaul}, V. and
         {Figueira}, P. and {Boisse}, I. and {Collier Cameron}, A. and
         {Dumusque}, X. and {Lo Curto}, G. and {Lovis}, C. and {Mayor}, M. and
         {Melo}, C. and {Pepe}, F. and {Queloz}, D. and {Santerne}, A. and
         {S{\'e}gransan}, D. and {Sousa}, S.~G. and {Sozzetti}, A. and
         {Udry}, S.},
        title = "{The HARPS search for southern extra-solar planets. XXXIX. HD 175607, the most metal-poor G dwarf with an orbiting sub-Neptune}",
      journal = {\aap},
     keywords = {planetary systems, stars: individual: HD 175607, techniques: radial velocities, stars: solar-type, stars: activity, stars: abundances, Astrophysics - Earth and Planetary Astrophysics},
         year = "2016",
        month = "Jan",
       volume = {585},
          eid = {A135},
        pages = {A135},
          doi = {10.1051/0004-6361/201526905},
archivePrefix = {arXiv},
       eprint = {1511.03941},
 primaryClass = {astro-ph.EP},
       adsurl = {https://ui.adsabs.harvard.edu/abs/Mortier2016},
      adsnote = {Provided by the SAO/NASA Astrophysics Data System}
}

@ARTICLE{Adibekyan2015,
       author = {{Adibekyan}, V. and {Figueira}, P. and {Santos}, N.~C. and
         {Sousa}, S.~G. and {Faria}, J.~P. and {Delgado-Mena}, E. and
         {Oshagh}, M. and {Tsantaki}, M. and {Hakobyan}, A.~A. and
         {Gonz{\'a}lez Hern{\'a}ndez}, J.~I. and {Su{\'a}rez-Andr{\'e}s}, L. and
         {Israelian}, G.},
        title = "{Identifying the best iron-peak and {\ensuremath{\alpha}}-capture elements for chemical tagging: The impact of the number of lines on measured scatter}",
      journal = {\aap},
     keywords = {stars: abundances, stars: general, stars: fundamental parameters, Astrophysics - Solar and Stellar Astrophysics},
         year = "2015",
        month = "Nov",
       volume = {583},
          eid = {A94},
        pages = {A94},
          doi = {10.1051/0004-6361/201527120},
archivePrefix = {arXiv},
       eprint = {1509.02419},
 primaryClass = {astro-ph.SR},
       adsurl = {https://ui.adsabs.harvard.edu/abs/Adibekyan2015},
      adsnote = {Provided by the SAO/NASA Astrophysics Data System}
}

@ARTICLE{Martins2015,
       author = {{Martins}, J.~H.~C. and {Santos}, N.~C. and {Figueira}, P. and
         {Faria}, J.~P. and {Montalto}, M. and {Boisse}, I. and
         {Ehrenreich}, D. and {Lovis}, C. and {Mayor}, M. and {Melo}, C. and
         {Pepe}, F. and {Sousa}, S.~G. and {Udry}, S. and {Cunha}, D.},
        title = "{Evidence for a spectroscopic direct detection of reflected light from <ASTROBJ>51 Pegasi b</ASTROBJ>}",
      journal = {\aap},
     keywords = {planetary systems, planets and satellites: detection, techniques: spectroscopic, techniques: radial velocities, Astrophysics - Earth and Planetary Astrophysics},
         year = "2015",
        month = "Apr",
       volume = {576},
          eid = {A134},
        pages = {A134},
          doi = {10.1051/0004-6361/201425298},
archivePrefix = {arXiv},
       eprint = {1504.05962},
 primaryClass = {astro-ph.EP},
       adsurl = {https://ui.adsabs.harvard.edu/abs/Martins2015},
      adsnote = {Provided by the SAO/NASA Astrophysics Data System}
}

@ARTICLE{Mortier2015,
       author = {{Mortier}, A. and {Faria}, J.~P. and {Correia}, C.~M. and
         {Santerne}, A. and {Santos}, N.~C.},
        title = "{BGLS: A Bayesian formalism for the generalised Lomb-Scargle periodogram}",
      journal = {\aap},
     keywords = {methods: data analysis, methods: statistical, Astrophysics - Instrumentation and Methods for Astrophysics, Astrophysics - Earth and Planetary Astrophysics},
         year = "2015",
        month = "Jan",
       volume = {573},
          eid = {A101},
        pages = {A101},
          doi = {10.1051/0004-6361/201424908},
archivePrefix = {arXiv},
       eprint = {1412.0467},
 primaryClass = {astro-ph.IM},
       adsurl = {https://ui.adsabs.harvard.edu/abs/Mortier2015},
      adsnote = {Provided by the SAO/NASA Astrophysics Data System}
}

@ARTICLE{Figueira2014,
       author = {{Figueira}, P. and {Faria}, J.~P. and {Delgado-Mena}, E. and
         {Adibekyan}, V. Zh. and {Sousa}, S.~G. and {Santos}, N.~C. and
         {Israelian}, G.},
        title = "{Exoplanet hosts reveal lithium depletion. Results from a homogeneous statistical analysis}",
      journal = {\aap},
     keywords = {stars: abundances, planetary systems, methods: data analysis, methods: statistical, Astrophysics - Earth and Planetary Astrophysics, Astrophysics - Solar and Stellar Astrophysics},
         year = "2014",
        month = "Oct",
       volume = {570},
          eid = {A21},
        pages = {A21},
          doi = {10.1051/0004-6361/201424218},
archivePrefix = {arXiv},
       eprint = {1409.0890},
 primaryClass = {astro-ph.EP},
       adsurl = {https://ui.adsabs.harvard.edu/abs/Figueira2014},
      adsnote = {Provided by the SAO/NASA Astrophysics Data System}
}

@ARTICLE{Verma2014,
       author = {{Verma}, Kuldeep and {Faria}, Jo{\~a}o P. and {Antia}, H.~M. and
         {Basu}, Sarbani and {Mazumdar}, Anwesh and
         {Monteiro}, M{\'a}rio J.~P.~F.~G. and {Appourchaux}, Thierry and
         {Chaplin}, William J. and {Garc{\'\i}a}, Rafael A. and
         {Metcalfe}, Travis S.},
        title = "{Asteroseismic Estimate of Helium Abundance of a Solar Analog Binary System}",
      journal = {\apj},
     keywords = {stars: abundances, stars: individual: HD 186408 HD 186427, stars: interiors, stars: oscillations, stars: solar-type, Astrophysics - Solar and Stellar Astrophysics},
         year = "2014",
        month = "Aug",
       volume = {790},
       number = {2},
          eid = {138},
        pages = {138},
          doi = {10.1088/0004-637X/790/2/138},
archivePrefix = {arXiv},
       eprint = {1405.7512},
 primaryClass = {astro-ph.SR},
       adsurl = {https://ui.adsabs.harvard.edu/abs/Verma2014},
      adsnote = {Provided by the SAO/NASA Astrophysics Data System}
}

@ARTICLE{Santos2014,
       author = {{Santos}, N.~C. and {Mortier}, A. and {Faria}, J.~P. and {Dumusque}, X. and
         {Adibekyan}, V. Zh. and {Delgado-Mena}, E. and {Figueira}, P. and
         {Benamati}, L. and {Boisse}, I. and {Cunha}, D. and
         {Gomes da Silva}, J. and {Lo Curto}, G. and {Lovis}, C. and
         {Martins}, J.~H.~C. and {Mayor}, M. and {Melo}, C. and {Oshagh}, M. and
         {Pepe}, F. and {Queloz}, D. and {Santerne}, A. and {S{\'e}gransan}, D. and
         {Sozzetti}, A. and {Sousa}, S.~G. and {Udry}, S.},
        title = "{The HARPS search for southern extra-solar planets. XXXV. The interesting case of HD 41248: stellar activity, no planets?}",
      journal = {\aap},
     keywords = {planetary systems, stars: individual: HD 41248, stars: solar-type, stars: activity, stars: abundances, surveys, Astrophysics - Earth and Planetary Astrophysics},
         year = "2014",
        month = "Jun",
       volume = {566},
          eid = {A35},
        pages = {A35},
          doi = {10.1051/0004-6361/201423808},
archivePrefix = {arXiv},
       eprint = {1404.6135},
 primaryClass = {astro-ph.EP},
       adsurl = {https://ui.adsabs.harvard.edu/abs/Santos2014},
      adsnote = {Provided by the SAO/NASA Astrophysics Data System}
}

