@string{CVPR     = {{IEEE} Conference on Computer Vision and Pattern Recognition}}

@inproceedings{temlyakov:10,
   author = "Temlyakov, Andrew and Munsell, Brent C. and Waggoner, Jarrell and Wang, Song",
   title = "Two perceptually motivated strategies for shape classification",
   booktitle = CVPR,
   year = "2010",
   pages = "2289-2296",
   bibsource = "http://www.visionbib.com/bibliography/match-pl5383dsurf.html#TT50128"}

@inproceedings{zhang:10,
   author = {Zhang, Zhiqi and Cao, Yu and Salvi, Dhaval and Oliver, Kenton and Waggoner, Jarrell and Wang, Song},
   title = {Free-shape subwindow search for object localization},
   booktitle = CVPR,
   year = {2010},
   pages = {1086-1093}
}

@article{wang:11,
   author = {Wang, Song and Waggoner, Jarrell and Simmons, Jeff},
   affiliation = {Department of Computer Science and Engineering, University of South Carolina, 315 Main Street, Columbia, SC 29208, USA},
   title = {Graph-cut methods for grain boundary segmentation},
   journal = {JOM Journal of the Minerals, Metals and Materials Society},
   publisher = {Springer Boston},
   issn = {1047-4838},
   keyword = {Chemistry and Materials Science},
   pages = {49-51},
   volume = {63},
   issue = {7},
   url = {http://dx.doi.org/10.1007/s11837-011-0111-5},
   year = {2011}}

@InProceedings{waggoner:11,
  author =       {Jarrell Waggoner and Jeff Simmons and Song Wang},
  title =        {Combining global labeling and local relabeling for metallic image segmentation},
  booktitle =    {Proceedings of SPIE (Computational Imaging X)},
  volume    =    {8296},
  pages =        {},
  year =         {2012},
  address =      {Burlingame, CA}
}

@InProceedings{barbu:12,
  author =       {Andrei Barbu and Alexander Bridge and Zachary
                  Burchill, Dan Coroian and Sven Dickinson and Sanja
                  Fidler and Aaron Michaux and Sam Mussman and
                  Siddharth Narayanaswamy, Dhaval Salvi and Lara
                  Schmidt and Jiangnan Shangguan, Jeffrey Mark Siskind
                  and Jarrell Waggoner and Song Wang, Jinlian Wei and
                  Yifan Yin and Zhiqi Zhang},
  title =        {Video In Sentences Out},
  booktitle =    {Conference on Uncertainty in Artificial Intelligence},
  volume    =    {},
  pages =        {102--112},
  year =         {2012},
  address =      {Catalina Island, CA}
}

@InProceedings{waggoner:12,
  author =       {Jarrell Waggoner and Jeff Simmons and Marc De Graef
                  and Song Wang},
  title =        {Graph Cut Approaches for Materials Segmentation
                  Preserving Shape, Appearance, and Topology},
  booktitle =    {International Conference on 3D Materials Science},
  volume    =    {},
  pages =        {147-152},
  year =         {2012},
  address =      {Seven Springs, PA}
}

@inproceedings{zhang:12,
   author = {Zhiqi Zhang and Sanja Fidler and Jarrell Waggoner and Yu
                  Cao and Sven Dickinson and Jeffrey Mark Siskind and
                  Song Wang},
   title = {Superedge Grouping for Object Localization by Combining
                  Appearance and Shape Information},
   booktitle = CVPR,
   year = {2012},
   pages = {3266-3273},
   address = {Providence, RI}
}
